%%% intro & conclusion


@inproceedings{drela1999integrated,
  title={Integrated Simulation Model for Preliminary Aerodynamic, Structural, and Control-law Design of Aircraft},
  author={Drela, Mark},
  booktitle={40th Structures, Structural Dynamics, and Materials Conference and Exhibit},
  pages={1644--1656},
  address = "St. Louis, Missouri",
  month = "April 12-15",
  year={1999},
  doi={10.2514/6.1999-1394}
}

@TECHREPORT{theodorsen1935general,
  AUTHOR =        {Theodorsen, Theodore},
  TITLE =         {General Theory of Aerodynamic Instability and the Mechanism of Flutter},
  NUMBER =        {NACA-TR-496},
  INSTITUTION =   {National Advisory Committee for Aeronautics},
  ADDRESS =       {Langley Aeronautical Lab, Hampton, Virginia},
  KEYWORDS =      {},
  NOTE =          {},
  MONTH =         {January},
  YEAR  =         {1935},
	url = {ntrs.nasa.gov/archive/nasa/casi.ntrs.nasa.gov/19800006788.pdf}
}

@TECHREPORT{weissinger_naca,
  AUTHOR =        {J. Weissinger},
  TITLE =         {The Lift Distribution of Swept-Back Wings},
  NUMBER =        {NACA-TM-1120},
  INSTITUTION =   {National Advisory Committee for Aeronautics},
  ADDRESS =       {Washington},
  KEYWORDS =      {},
  NOTE =          {},
  MONTH =         {March},
  YEAR  =         {1947},
	url = {ntrs.nasa.gov/archive/nasa/casi.ntrs.nasa.gov/20030064148.pdf}
}

@TECHREPORT{weissinger_zwb,
  AUTHOR =        {J. Weissinger},
  TITLE =         {\"Uber die Auftriefsverteilung von Pfeilfl\"ugeln},
  NUMBER =        {1553},
  INSTITUTION =   {Zentrale f\"ur Wissenschaftliches Berichtswesen der Luftfahrtforschung des Generalluftzeugmeisters (ZWB)},
  ADDRESS =       {Berlin-Adlershof},
  KEYWORDS =      {},
%  DATE =          {27},
  MONTH =         {February},
  YEAR  =         {1942},
}

@Book{bisplinghoff1975principles,
 author = {Bisplinghoff, Raymond L and Ashley, Holt},
 title = {Principles of Aeroelasticity},
 publisher = {Dover Publications},
 year = {1975},
 address = {Mineola, New York},
 isbn = {9780486613499}
 }
